@article{Azouaoui22,
  author  = {Melissa Azouaoui and Olivier Bronchain and Ga\"etan Cassiers and Cl\'ement Hoffmann and Yulia Kuzovkova and Joost Renes and Tobias Schneider and Markus Sch\"onauer and Fran\c{c}ois-Xavier Standaert and Christine van Vredendaal},
  title   = {Protecting {D}ilithium against Leakage},
  journal = {IACR Transactions on Cryptographic Hardware and Embedded Systems},
  volume  = {2022},
  number  = {4},
  pages   = {553--588},
  year    = {2022},
  doi     = {10.46586/tches.v2022.i4.553-588}
}

@article{Bos21,
  author  = {Joppe W. Bos and Marc Gourjon and Joost Renes and Tobias Schneider and Christine van Vredendaal},
  title   = {Masking {K}yber: First- and Higher-Order Implementations},
  journal = {IACR Transactions on Cryptographic Hardware and Embedded Systems},
  volume  = {2021},
  number  = {4},
  pages   = {173--214},
  year    = {2021},
  doi     = {10.46586/tches.v2021.i4.173-214}
}

@article{Bronchain22,
  author  = {Olivier Bronchain and Ga\"etan Cassiers},
  title   = {Bitslicing Arithmetic/Boolean Masking Conversions for Fun and Profit with Application to Lattice-Based {KEMs}},
  journal = {IACR Transactions on Cryptographic Hardware and Embedded Systems},
  volume  = {2022},
  number  = {1},
  pages   = {86--118},
  year    = {2022},
  doi     = {10.46586/tches.v2022.i1.86-118}
}

@article{Coron23,
  author  = {Jean-S\'ebastien Coron and Fran\c{c}ois G\'erard and Matthias Trannoy and Rina Zeitoun},
  title   = {Improved Gadgets for the High-Order Masking of {D}ilithium},
  journal = {IACR Transactions on Cryptographic Hardware and Embedded Systems},
  volume  = {2023},
  number  = {2},
  pages   = {1--37},
  year    = {2023},
  doi     = {10.46586/tches.v2023.i2.1-37}
}

@article{Heinz20,
  author  = {Daniel Heinz and Matthias J. Kannwischer and Georg Land and Thomas P\"oppelmann and Peter Schwabe and Amber Sprenkels},
  title   = {First-Order Masked {K}yber on {ARM} {C}ortex-{M}4},
  journal = {IACR Cryptol. ePrint Arch.},
  volume  = {2020},
  pages   = {1268},
  year    = {2020},
  url     = {https://eprint.iacr.org/2020/1268}
}

@article{Migliore19,
  author  = {Vincent Migliore and Benoit G\'erard and Mehdi Tibouchi and Pierre-Alain Fouque},
  title   = {Masking Dilithium: Efficient Implementation and Side-Channel Evaluation},
  journal = {IACR Transactions on Cryptographic Hardware and Embedded Systems},
  volume  = {2019},
  number  = {4},
  pages   = {213--242},
  year    = {2019},
  doi     = {10.13154/tches.v2019.i4.213-242}
}
