@article{Azouaoui22,
  author  = {Melissa Azouaoui and Olivier Bronchain and Ga{\"e}tan Cassiers and Cl{\'e}ment Hoffmann and Yulia Kuzovkova and Joost Renes and Tobias Schneider and Markus Sch{\"o}nauer and Fran{\c{c}}ois-Xavier Standaert and Christine van Vredendaal},
  title   = {Protecting {D}ilithium Against Leakage Revisited: Sensitivity Analysis and Improved Implementations},
  journal = {IACR Transactions on Cryptographic Hardware and Embedded Systems},
  volume  = {2022},
  number  = {4},
  pages   = {553--588},
  year    = {2022},
  doi     = {10.46586/tches.v2022.i4.553-588}
}

@article{Coron23,
  author  = {Jean-S{\'e}bastien Coron and Fran{\c{c}}ois G{\'e}rard and Matthias Trannoy and Rina Zeitoun},
  title   = {Improved Gadgets for the High-Order Masking of {D}ilithium},
  journal = {IACR Transactions on Cryptographic Hardware and Embedded Systems},
  volume  = {2023},
  number  = {2},
  pages   = {1--37},
  year    = {2023},
  doi     = {10.46586/tches.v2023.i2.1-37}
}

@article{Migliore19,
  author  = {Vincent Migliore and Beno{\^i}t G{\'e}rard and Mehdi Tibouchi and Pierre-Alain Fouque},
  title   = {Masking {D}ilithium: Efficient Implementation and Side-Channel Evaluation},
  journal = {IACR Transactions on Cryptographic Hardware and Embedded Systems},
  volume  = {2019},
  number  = {4},
  pages   = {213--242},
  year    = {2019},
  doi     = {10.13154/tches.v2019.i4.213-242}
}

@misc{NIST24,
  author = {{National Institute of Standards and Technology (NIST)}},
  title  = {NIST Releases First 3 Finalized Post-Quantum Encryption Standards},
  year   = {2024},
  month  = {aug},
  url    = {https://www.nist.gov/news-events/news/2024/08/nist-releases-first-3-finalized-post-quantum-encryption-standards},
  note   = {Accessed: 2024-11-04}
}
