@article{Azouaoui22,
  author  = {Azouaoui, Melissa and Bronchain, Olivier and Cassiers, Gaëtan and Hoffmann, Clément and Kuzovkova, Yulia and Renes, Joost and Schneider, Tobias and Schönauer, Markus and Standaert, François-Xavier and van Vredendaal, Christine},
  title   = {Protecting Dilithium against Leakage},
  journal = {IACR Transactions on Cryptographic Hardware and Embedded Systems},
  volume  = {2022},
  number  = {4},
  pages   = {553--588},
  year    = {2022},
  doi     = {10.46586/tches.v2022.i4.553-588}
}

@article{Bos21,
  author  = {Bos, Joppe W. and Gourjon, Marc and Renes, Joost and Schneider, Tobias and van Vredendaal, Christine},
  title   = {Masking Kyber: First- and Higher-Order Implementations},
  journal = {IACR Transactions on Cryptographic Hardware and Embedded Systems},
  volume  = {2021},
  number  = {4},
  pages   = {173--214},
  year    = {2021},
  doi     = {10.46586/tches.v2021.i4.173-214}
}

@article{Bronchain22,
  author  = {Bronchain, Olivier and Cassiers, Gaëtan},
  title   = {Bitslicing Arithmetic/Boolean Masking Conversions for Fun and Profit with Application to Lattice-Based KEMs},
  journal = {IACR Transactions on Cryptographic Hardware and Embedded Systems},
  volume  = {2022},
  number  = {1},
  pages   = {86--118},
  year    = {2022},
  doi     = {10.46586/tches.v2022.i1.86-118}
}

@article{Migliore19,
  author  = {Migliore, Vincent and Gérard, Benoit and Tibouchi, Mehdi and Fouque, Pierre-Alain},
  title   = {Masking Dilithium: Efficient Implementation and Side-Channel Evaluation},
  journal = {IACR Transactions on Cryptographic Hardware and Embedded Systems},
  volume  = {2019},
  number  = {4},
  pages   = {213--242},
  year    = {2019},
  doi     = {10.13154/tches.v2019.i4.213-242}
}
